@Book{Baltagi2011,
  author={Badi H. Baltagi},
  title={{Econometrics}},
  publisher={Springer},
  year=2011,
  month={June},
  number={978-3-642-20059-5},
  series={Springer Texts in Business and Economics},
  doi={10.1007/978-1-4614-3169-5}
}

@article{Woelver2018,
  title={Gravity: Estimation Methods for Gravity Models in R},
  author={Woelwer, Anna Lenna and Burgard, Jan Pablo and Kunst, Joshua and Vargas, Mauricio},
  journal={Journal of Open Source Software},
  volume={31},
  number={3},
  pages={1038},
  year={2018},
  doi={10.21105/joss.01038}
}
